@software{framesss,
  author = {Beránek, D.},
  title = {framesss},
  year = {2024},
  url = {https://github.com/DanBeranek/framesss},
  version = {0.0.3}
}

@masterthesis{mythesis,
  author  = {Beránek, D.},
  school  = {České vysoké učení technické v Praze, Fakulta stavební, Katedra betonových a zděných konstrukcí},
  title   = {Nelineární analýza stropních systémů z trámů a vložek},
  year    = {2022},
  month   = {Květen},
  type    = {Bakalářská práce},
  note    = {Dostupné z \url{https://dspace.cvut.cz/bitstream/handle/10467/102674/F1-BP-2022-Beranek-Daniel-220515_BAKALARKA.pdf}}
}

@article{matplotlib,
  Author    = {Hunter, J. D.},
  Title     = {Matplotlib: A 2D graphics environment},
  Journal   = {Computing in Science \& Engineering},
  Volume    = {9},
  Number    = {3},
  Pages     = {90--95},
  abstract  = {Matplotlib is a 2D graphics package used for Python for
  application development, interactive scripting, and publication-quality
  image generation across user interfaces and operating systems.},
  publisher = {IEEE COMPUTER SOC},
  doi       = {10.1109/MCSE.2007.55},
  year      = 2007
}

@software{wbapp,
  author = {{Štefan, R.; Holan, J.; Beránek, D.; Petrášek, I.; Jirkovský, V.}},
  title = {Komplexní software pro optimalizaci návrhu a posouzení střešních a stropních konstrukcí},
  year = {2023},
  url = {https://TODO.cz}
}

@article{lesm,
  author = {Rangel, Rafael Lopez and Martha, Luiz Fernando},
  title = {LESM—An object-oriented MATLAB program for structural analysis of linear element models},
  journal = {Computer Applications in Engineering Education},
  volume = {27},
  number = {3},
  pages = {553-571},
  keywords = {educational software, MATLAB program, matrix structural analysis, object-oriented-programming},
  doi = {https://doi.org/10.1002/cae.22097},
  url = {https://onlinelibrary.wiley.com/doi/abs/10.1002/cae.22097},
  eprint = {https://onlinelibrary.wiley.com/doi/pdf/10.1002/cae.22097},
  abstract = {Abstract This paper describes the implementation of a MATLAB program based on the Object Oriented Programming paradigm for linear-elastic analysis of one-dimensional element models using a conventional displacement-based procedure. The main objective is the development of an educational tool on matrix structural analysis with a didactic and well-documented open source code, which allows any user to implement new procedures with relative simplicity. The LESM (Linear Elements Structure Model) program can handle different types of analysis models, such as 2D/3D frames and trusses, and grillages. In addition, both Euler-Bernoulli and Timoshenko theories for bending behavior of beam elements are considered. The OOP class architecture was devised for generically handling these different types of analyses models and element types. The MATLAB script codes of all classes and methods of LESM, including its documentation, are available in its site (www.tecgraf.puc-rio.br/lesm).},
  year = {2019}
}


@article{numpy,
 title         = {Array programming with {NumPy}},
 author        = {Charles R. Harris and K. Jarrod Millman and St{\'{e}}fan J.
                 van der Walt and Ralf Gommers and Pauli Virtanen and David
                 Cournapeau and Eric Wieser and Julian Taylor and Sebastian
                 Berg and Nathaniel J. Smith and Robert Kern and Matti Picus
                 and Stephan Hoyer and Marten H. van Kerkwijk and Matthew
                 Brett and Allan Haldane and Jaime Fern{\'{a}}ndez del
                 R{\'{i}}o and Mark Wiebe and Pearu Peterson and Pierre
                 G{\'{e}}rard-Marchant and Kevin Sheppard and Tyler Reddy and
                 Warren Weckesser and Hameer Abbasi and Christoph Gohlke and
                 Travis E. Oliphant},
 year          = {2020},
 month         = sep,
 journal       = {Nature},
 volume        = {585},
 number        = {7825},
 pages         = {357--362},
 doi           = {10.1038/s41586-020-2649-2},
 publisher     = {Springer Science and Business Media {LLC}},
 url           = {https://doi.org/10.1038/s41586-020-2649-2}
}


@article{scipy,
  author  = {Virtanen, Pauli and Gommers, Ralf and Oliphant, Travis E. and
            Haberland, Matt and Reddy, Tyler and Cournapeau, David and
            Burovski, Evgeni and Peterson, Pearu and Weckesser, Warren and
            Bright, Jonathan and {van der Walt}, St{\'e}fan J. and
            Brett, Matthew and Wilson, Joshua and Millman, K. Jarrod and
            Mayorov, Nikolay and Nelson, Andrew R. J. and Jones, Eric and
            Kern, Robert and Larson, Eric and Carey, C J and
            Polat, {\.I}lhan and Feng, Yu and Moore, Eric W. and
            {VanderPlas}, Jake and Laxalde, Denis and Perktold, Josef and
            Cimrman, Robert and Henriksen, Ian and Quintero, E. A. and
            Harris, Charles R. and Archibald, Anne M. and
            Ribeiro, Ant{\^o}nio H. and Pedregosa, Fabian and
            {van Mulbregt}, Paul and {SciPy 1.0 Contributors}},
  title   = {{{SciPy} 1.0: Fundamental Algorithms for Scientific
            Computing in Python}},
  journal = {Nature Methods},
  year    = {2020},
  volume  = {17},
  pages   = {261--272},
  adsurl  = {https://rdcu.be/b08Wh},
  doi     = {10.1038/s41592-019-0686-2},
}

@misc{teorie_pruznosti,
  author       = {{Brožovský, J.; Materna, A.}},
  howpublished = {Online},
  title        = {Základy matematické teorie pružnosti},
  year         = {2012},
  note         = {[cit. 2024-04-10]. Dostupné z \url{https://mi21.vsb.cz/sites/mi21.vsb.cz/files/unit/mat_teorie_pruznosti.pdf}. },
}

@book{prpe10,
  author         = {{Šejnoha, J.; Bittnarová, J.}},
  editor         = {},
  publisher      = {Vydavatelství ČVUT, Praha},
  title          = {Pružnost a pevnost 10},
  year           = {1997}
}

@book{prpe20,
  author         = {{Šejnoha, J.; Bittnarová, J.}},
  editor         = {},
  publisher      = {Vydavatelství ČVUT, Praha},
  title          = {Pružnost a pevnost 20},
  year           = {1998},
  isbn           = {80-01-02709-0},
}

@book{sbirka_prikladu,
  author         = {},
  editor         = {{Jíra, A.; Jandeková, D.; Novotná, E.; Hájková, P.}},
  publisher      = {ČVUT v Praze},
  title          = {Sbírka příkladů stavební mechaniky: princip virtuálních sil, silová metoda, deformační metoda},
  year           = {2019},
  isbn           = {978-80-01-06677-5},
  note           = {Dostupné z \url{https://mech.fsv.cvut.cz/wiki/images/9/9e/Sbirka_prikladu_SNK.pdf}},
}

@book{design_aid,
  author         = {American Wood Council (AWC)},
  editor         = {},
  publisher      = {},
  title          = {DESIGN AID No. 6 — BEAM DESIGN FORMULAR WITH SHEAR AND MOMENT DIAGRAMS},
  year           = {2007},
  note           = {Dostupné z \url{https://awc.org/wp-content/uploads/2021/12/AWC-DA6-BeamFormulas-0710.pdf}}
}

@book{nmm1,
  author         = {{Bittnar, Z.; Šejnoha, J.}},
  editor         = {},
  publisher      = {Vydavatelství ČVUT, Praha},
  title          = {Numerické metody mechaniky 1},
  year           = {1992},
  isbn           = {80-01-00855-X},
}

@book{fem_lourenco,
  author         = {{Lourenço, P. B.; Gaetani, A.}},
  editor         = {},
  publisher      = {Routledge, New York},
  title          = {Finite Element Analysis for Building Assessment: Advanced Use and Practical Recommendations},
  year           = {2022},
  doi            = {10.1201/9780429341564},
}

@misc{ymkp,
  author       = {Jiroušek, O.},
  howpublished = {Online},
  title        = {Metoda konečných prvků - poznámky k přednáškám},
  year         = {2006},
  note         = {[cit. 2024-03-14]. Dostupné z \url{http://mech.fd.cvut.cz/members/jirousek/download/k618y2m1/ymkp_fem.pdf}. },
}

@article{sympy,
  title = {SymPy: symbolic computing in Python},
  author = {Meurer, Aaron and Smith, Christopher P. and Paprocki, Mateusz and \v{C}ert\'{i}k, Ond\v{r}ej and Kirpichev, Sergey B. and Rocklin, Matthew and Kumar, AMiT and Ivanov, Sergiu and Moore, Jason K. and Singh, Sartaj and Rathnayake, Thilina and Vig, Sean and Granger, Brian E. and Muller, Richard P. and Bonazzi, Francesco and Gupta, Harsh and Vats, Shivam and Johansson, Fredrik and Pedregosa, Fabian and Curry, Matthew J. and Terrel, Andy R. and Rou\v{c}ka, \v{S}t\v{e}p\'{a}n and Saboo, Ashutosh and Fernando, Isuru and Kulal, Sumith and Cimrman, Robert and Scopatz, Anthony},
  year = 2017,
  month = jan,
  keywords = {Python, Computer algebra system, Symbolics},
  abstract = {
            SymPy is an open source computer algebra system written in pure Python. It is built with a focus on extensibility and ease of use, through both interactive and programmatic applications. These characteristics have led SymPy to become a popular symbolic library for the scientific Python ecosystem. This paper presents the architecture of SymPy, a description of its features, and a discussion of select submodules. The supplementary material provide additional examples and further outline details of the architecture and features of SymPy.
          },
  volume = 3,
  pages = {e103},
  journal = {PeerJ Computer Science},
  issn = {2376-5992},
  url = {https://doi.org/10.7717/peerj-cs.103},
  doi = {10.7717/peerj-cs.103}
}

@article{timoshenko_history,
  title={The amusing history of shear flexible beam elements},
  author={Felippa, Caros A},
  journal={iacm expressions},
  volume={17},
  number={5},
  pages={13--17},
  year={2005},
  publisher={Citeseer}
}

@book{przemieniecki1985theory,
  title={Theory of Matrix Structural Analysis},
  author={Przemieniecki, J.S.},
  isbn={9780486649481},
  lccn={67019151},
  series={Dover Civil and Mechanical Engineering},
  year={1985},
  publisher={Dover}
}

@misc{precommit,
  title={pre-commit},
  author={{pre-commit contributors}},
  note={[software]. [cit. 2024-04-20]. Dostupné z \url{https://pre-commit.com/}}
}

@misc{nox,
  title={Nox},
  author={{Nox contributors}},
  note={[software]. [cit. 2024-04-20]. Dostupné z \url{https://nox.thea.codes/en/stable/}}
}

@misc{ruff,
  title={Ruff linter},
  author={{Ruff contributors}},
  note={[software]. [cit. 2024-04-20]. Dostupné z \url{https://docs.astral.sh/ruff/}}
}

@misc{poetry,
  title={Poetry},
  author={{Poetry contributors}},
  note={[software]. [cit. 2024-04-20]. Dostupné z \url{https://python-poetry.org/}}
}

@misc{black,
  title={Black code formatter},
  author={{Black contributors}},
  note={[software]. [cit. 2024-04-20]. Dostupné z \url{https://black.readthedocs.io/en/stable/}}
}

@misc{mypy,
  title={MyPy type checker},
  author={{MyPy contributors}},
  note={[software]. [cit. 2024-04-20]. Dostupné z \url{https://www.mypy-lang.org/}}
}

@misc{pytest,
  title={Pytest framework},
  author={{Pytest contributors}},
  note={[software]. [cit. 2024-04-20]. Dostupné z \url{https://docs.pytest.org/en/8.2.x/}}
}

@misc{sphinx,
  title={Sphinx documentation generator},
  author={{Sphinx contributors}},
  note={[software]. [cit. 2024-04-20]. Dostupné z \url{https://www.sphinx-doc.org/en/master/}}
}

@misc{sonarcloud,
  title={SonarCloud},
  author={{SonarCloud contributors}},
  note={[software]. [cit. 2024-04-20]. Dostupné z \url{https://sonarcloud.io/}}
}

@misc{git,
  author = {{git contributors}},
  title = {git - distributed version control system},
  note={[software]. [cit. 2024-04-20]. Dostupné z \url{https://git-scm.com/}}
}

@misc{github,
  author = {{GitHub contributors}},
  title = {GitHub},
  note={[software]. [cit. 2024-04-20]. Dostupné z \url{https://github.com/}}
}

@misc{EN1991_1_1,
  author       = {ČSN EN 1991-1-1:2004},
  howpublished = {Praha: Český normalizační institut},
  title        = {Eurokód 1: Zatížení konstrukcí - Část 1-1: Obecná zatížení -- Objemové tíhy, vlastní tíha a užitná zatížení pozemních staveb},
  month        = 3,
  year         = {2004},
}

@misc{EN1991_1_3,
  author       = {ČSN EN 1991-1-3 ed.2:2022},
  howpublished = {Praha: Úřad pro technickou normalizaci, metrologii a státní zkušebnictví},
  title        = {Eurokód 1: Zatížení konstrukcí - Část 1-3: Obecná zatížení -- Zatížení sněhem},
  month        = 1,
  year         = {2022}
}

@misc{EN1991_1_4,
  author       = {ČSN EN 1991-1-4 ed.2:2020},
  howpublished = {Praha: Úřad pro technickou normalizaci, metrologii a státní zkušebnictví},
  title        = {Eurokód 1: Zatížení konstrukcí - Část 1-3: Obecná zatížení -- Zatížení větrem},
  month        = 11,
  year         = {2020}
}

@misc{EN1995_1_1,
  author       = {ČSN EN 1995-1-1:2006},
  howpublished = {Praha: Český normalizační institut},
  title        = {Eurokód 5: Navrhování dřevěných konstrukcí - Část 1-1: Obecná pravidla -- Společná pravidla a pravidla pro pozemní stavby},
  month        = 12,
  year         = {2006}
}


@misc{EN1990,
  author       = {ČSN EN 1990 ed.2:2021},
  howpublished = {Praha: Úřad pro technickou normalizaci, metrologii a státní zkušebnictví},
  title        = {Eurokód: Zásady navrhování konstrukcí},
  month        = 2,
  year         = {2021}
}